@book{ref7,
	title = "High Performance MySQL, Third Edition",
    author = "Schavrtz,Zaitsev,Tkachenko",   
	publisher = "OReilly Media,Inc.",
    year = "2012",
}
